%% This BibTeX bibliography file was created using BibDesk.
%% http://bibdesk.sourceforge.net/
% Encoding: UTF-8

@misc{threeTier,
  author = {IBM},
  title = {Three tier architecture},
  year = {},
  note = {Last accessed 21 Dec 2023},
  url = {https://www.ibm.com/topics/three-tier-architecture}
}

@misc{three_tier,
  author = {Hyperskill},
  title = {Three-tier architecture},
  year = {},
  note = {Last accessed 21 Dec 2023},
  url = {https://hyperskill.org/learn/step/25083}
}
