%% This BibTeX bibliography file was created using BibDesk.
%% http://bibdesk.sourceforge.net/
% Encoding: UTF-8

@misc{githubOAuth,
  author = {Github},
  title = {Oauth},
  year = {2017},
  note = {Last accessed 16 Dec 2023},
  url = {https://docs.github.com/en/apps/oauth-apps}
}